<record><leader>00000cas a22000007a 4500</leader><controlfield tag="001">10062824</controlfield><controlfield tag="008">831027d18951904ksuwr ne      0   a0eng d</controlfield><datafield ind1=" " ind2=" " tag="010"><subfield code="a">sn 83040749 </subfield></datafield><datafield ind1=" " ind2=" " tag="040"><subfield code="a">KSH</subfield><subfield code="b">eng</subfield><subfield code="c">KSH</subfield><subfield code="d">NPT</subfield><subfield code="d">OCL</subfield><subfield code="d">OCLCQ</subfield><subfield code="d">OCLCF</subfield><subfield code="d">OCLCO</subfield><subfield code="d">OCLCA</subfield><subfield code="d">OCL</subfield></datafield><datafield ind1=" " ind2=" " tag="042"><subfield code="a">msc</subfield></datafield><datafield ind1=" " ind2=" " tag="043"><subfield code="a">n-us-ks</subfield></datafield><datafield ind1="0" ind2="4" tag="245"><subfield code="a">The Kansas eagle.</subfield></datafield><datafield ind1=" " ind2=" " tag="260"><subfield code="a">St. Francis, Kan. :</subfield><subfield code="b">[George Lawless &amp; D.L. Loofbourrow],</subfield><subfield code="c">1895-1904.</subfield></datafield><datafield ind1=" " ind2=" " tag="300"><subfield code="a">11 v. :</subfield><subfield code="b">ill. ;</subfield><subfield code="c">55 cm.</subfield></datafield><datafield ind1=" " ind2=" " tag="310"><subfield code="a">Weekly</subfield></datafield><datafield ind1="0" ind2=" " tag="362"><subfield code="a">Vol. 10, no. 41 (Apr. 4, 1895)-v. 20, no. 1 (June 16, 1904).</subfield></datafield><datafield ind1=" " ind2=" " tag="500"><subfield code="a">"Populist."</subfield></datafield><datafield ind1=" " ind2=" " tag="500"><subfield code="a">Published on Thursday.</subfield></datafield><datafield ind1=" " ind2=" " tag="500"><subfield code="a">Editor: Geo. Lawless.</subfield></datafield><datafield ind1=" " ind2=" " tag="530"><subfield code="a">Available on microfilm from Micro Photo.</subfield></datafield><datafield ind1="2" ind2="0" tag="610"><subfield code="a">Populist Party (U.S. : 1892-1908)</subfield><subfield code="v">Periodicals.</subfield></datafield><datafield ind1="2" ind2="7" tag="610"><subfield code="a">Populist Party (U.S. : 1892-1908)</subfield><subfield code="2">fast</subfield><subfield code="0">(OCoLC)fst00511203</subfield></datafield><datafield ind1=" " ind2="7" tag="655"><subfield code="a">Periodicals.</subfield><subfield code="2">fast</subfield><subfield code="0">(OCoLC)fst01411641</subfield></datafield><datafield ind1="1" ind2=" " tag="700"><subfield code="a">Lawless, George.</subfield></datafield><datafield ind1="1" ind2=" " tag="700"><subfield code="a">Loofbourrow, D. L.</subfield></datafield><datafield ind1=" " ind2=" " tag="752"><subfield code="a">United States</subfield><subfield code="b">Kansas</subfield><subfield code="c">Cheyenne</subfield><subfield code="d">Saint Francis.</subfield></datafield><datafield ind1="0" ind2="0" tag="780"><subfield code="t">Bird City news</subfield><subfield code="w">(DLC)sn 83040768</subfield></datafield><datafield ind1="0" ind2="7" tag="785"><subfield code="t">Cheyenne County rustler (Saint Francis, Kan. : 1891)</subfield><subfield code="w">(DLC)sn 83040759</subfield></datafield><datafield ind1="0" ind2="7" tag="785"><subfield code="t">Kansas eagle-rustler</subfield><subfield code="w">(DLC)sn 83040755</subfield></datafield><datafield ind1="1" ind2=" " tag="029"><subfield code="a">AU@</subfield><subfield code="b">000025803100</subfield></datafield></record>